
% BibTeX Entries
% BibTeX Entries

%penjelasanspk,
 %author               = "{Wikipedia Ensiklopedia Bebas}",
 %title                = "{Sistem Pendung Keputusan}",
 %howpublished 				= "\url{https://id.wikipedia.org/wiki/Sistem_pendukung_keputusan}",
 %year									= {2015},
 %note 								= "[Online; diakses 24-November-2015]"
%}
@misc{karakteristikspk,
 author               = "{Fajar Nugraha}",
 title                = "{Sistem Pendung Keputusan Evaluasi Pemilihan Pemenang Pengadaan Aset dengan Metode Simple Additive Weighting (SAW)}",
 howpublished 				= "\url{https://www.google.co.id/url?sa=t&rct=j&q=&esrc=s&source=web&cd=1&cad=rja&uact=8&ved=0ahUKEwiF-63UmeHLAhUOv5QKHZ2mAJsQFggZMAA&url=http%3A%2F%2Fjsinbis.msi.undip.ac.id%2Fupload%2F03.%2520Fajar%2520Nugraha.pdf&usg=AFQjCNEAPIVTOtsEymjyIak6qnX2wrSmrg&sig2=hoM6BCGh0hEjKxJT8mro2Q&bvm=bv.117868183,d.dGo}",
 year									= {2012},
 note 								= "[Online; diakses 15-Maret-2016]"
}

@misc{sqljoin,
 author               = "{Oracle Corporation}",
 title                = "{JOIN Syntax}",
 howpublished 				= "\url{http://dev.mysql.com/doc/refman/5.7/en/join.html}",
 year									= {2016},
 note 								= "[Online; diakses 29-April-2016]"
}

@misc{spk2,
 author               = "{Dikut Andinata}",
 title                = "{Contoh Kasus dan penerapan metode SAW (Simple Additive Weighting)}",
 howpublished 				= "\url{https://dikutandi.wordpress.com/2014/02/10/contoh-kasus-dan-penerapan-metode-saw-simple-additive-weighting/}",
 year									= {2014},
 note 								= "[Online; diakses 18-Maret-2016]"
}




%php1,
% author               = "{Wikipedia Ensiklopedia Bebas}",
 %title                = "{PHP}",
 %howpublished 				= "\url{https://id.wikipedia.org/wiki/PHP}",
 %year									= {2016},
 %note 								= "[Online; diakses 18-Maret-2016]"
%}

@misc{php2,
 author               = "{Duniailkom}",
 title                = "{Tutorial Belajar PHP Part 1: Pengertian dan Fungsi PHP dalam Pemrograman Web}",
 howpublished 				= "\url{http://www.duniailkom.com/pengertian-dan-fungsi-php-dalam-pemograman-web/}",
 year									= {2014},
 note 								= "[Online; diakses 18-Maret-2016]"
}

@misc{spk1,
 author               = "{Husni Faqih}",
 title                = "{IMPLEMENTASI DSS DENGAN METODE SAW UNTUK MENENTUKAN PRIORITAS PEKERJAAN OPERASI DAN PEMELIHARAAN SISTEM IRIGASI DPU KABUPATEN TEGAL}",
 howpublished 				= "\url{http://lppm3.bsi.ac.id/jurnal/index.php/biangmatika/article/download/14/15}",
 year									= {2014},
 note 								= "[Online; diakses 15-Maret-2016]"
}

@misc{contohsaw,
 author               = "{Pratomo Setiaji}",
 title                = "{Sistem Pendukung Keputusan Dengan Metode Simple Additive Weighting}",
 howpublished 				= "\url{http://jurnal.umk.ac.id/index.php/simet/article/viewFile/117/113}",
 year									= {2012},
 note 								= "[Online; diakses 15-Maret-2016]"
}

%sql1,
 %author               = "{Jordan Syahreza}",
 %title                = "{PENGERTIAN PHP DAN MY SQL}",
 %howpublished 				= "\url{http://jordansyahreza.blogspot.co.id/p/pengertian-php-dan-my-sql.html}",
 %year									= {2012},
 %note 								= "[Online; diakses 18-Maret-2016]"
%}

%sql2,
% author               = "{DosenIT.com}",
% title                = "{12 Kelebihan dan Kekurangan MySQL Server}",
% howpublished 				= "\url{http://dosenit.com/software/dbms/mysql/kelebihan-dan-kekurangan-mysql-server}",
% year									= {2015},
% note 								= "[Online; diakses 29-Maret-2016]"
%}

@misc{sql3,
 author               = "{Doku Saung FOSS}",
 title                = "{Membuat Toko Buku Sederhana dengan PHP - MySQL}",
 howpublished 				= "\url{http://saung-foss.web.id/doku/id-php/membuat_toko_buku_sederhana_dengan_php_mysql}",
 note 								= "[Online; diakses 29-Maret-2016]"
}

@misc{bootstrap1,
 title                = "{Bootstrap}",
 howpublished 				= "\url{http://getbootstrap.com/}",
 year									= {2011},
 note 								= "[Online; diakses 30-Maret-2016]"
}

@misc{bootstrap2,
 author               = "{RECTmedia Corporation}",
 title                = "{
MUDAHNYA MENDESAIN WEB DENGAN BOOTSTRAP-}",
 howpublished 				= "\url{https://www.facebook.com/rectmedia/posts/192351507566757}",
 year									= {2012},
 note 								= "[Online; diakses 30-Maret-2016]"
}

@misc{latarbelakang1,
 author               = "{rm Agustinus Sutiono, O.Carm}",
 title                = "{Iman Katolik}",
 howpublished 				= "\url{http://www.imankatolik.or.id/ok.html}",
 year									= {2015},
 note 								= "[Online; diakses 21-November-2015]"
}

@misc{sbaptis,
 author               = "{RD B. JUSTISIANTO}",
 title                = "{Sakramen Baptis}",
 howpublished 				= "\url{http://www.santoyakobus.org/page/content/article/81/SAKRAMEN-BAPTIS.html}",
 year									= {2012},
 note 								= "[Online; diakses 21-November-2015]"
}

@inbook{buku1,
 author               = {A. Heuken SJ dengan bantuan Staf Yayasan CLC},
 booktitle            = {ENSIKLOPEDI ORANG KUDUS},
 publisher            = {PT PENEBAR SWADAYA, Jakarta},
 title                = {ENSIKLOPEDI ORANG KUDUS},
 year                 = {2012},
 }

@misc{cbaptis,
 author               = "{Martua Siringoringo}",
 title                = "{Calon Baptis}",
 howpublished 				= "\url{http://pendalamanimankatolik.com/tag/baptis/}",
 note 								= "[Online; diakses 10-Desember-2015]"
}

@misc{metodesaw,
 author               = "{Arif Santoso}",
 title                = "{Metode Simple Additive Weighting (SAW)}",
 howpublished 				= "\url{http://avaarif.blogspot.co.id/2014/03/sistem-pendukung-keputusan-spk.html}",
 year									= {2014},
 note 								= "[Online; diakses 13-Desember-2015]"
}

@inbook{jurnal1,
 author               = {Husni Faqih},
 booktitle            = {14-46-2-PB.pdf},
 title                = {Implementasi DSS dengan metode SAW untuk menentukan prioritas pekerjaan operasi dan pemeliharaan sistem irigasi DPU Kabupaten Tegal},
 year                 = {2014},
 }
@misc{kiritravel,
 author               = "{Pascal Alfadian}",
 title                = "{KIRI}",
 howpublished 				= "\url{http://kiri.travel/}",
 year									= {2014},
 note 								= "[Online; diakses 1-Oktober-2015]"
}

@misc{devkiritravel,
 author               = "{Pascal Alfadian}",
 title                = "{KIRI}",
 howpublished 				= "\url{https://dev.kiri.travel/bukitjarian/}",
 year									= {2014},
 note 								= "[Online; diakses 1-Oktober-2015]"
}

@misc{kiridashboard,
 author               = "{Pascal Alfadian}",
 title                = "{TirtayasaGH}",
 howpublished 				= "\url{https://github.com/pascalalfadian/TirtayasaGH}",
 year									= {2014},
 note 								= "[Online; diakses 1-Oktober-2015]"
}

@book{playforjava,
 author               = {Nicolas Leroux and  Sietse De Kaper},
 title            		= {Play for Java},
 publisher            = {Manning Publications Co.},
 isbn                 = {9781617290909},
 year                 = {2014},
 }

@misc{mysqlspatial,
 author               = "{Oracle}",
 title                = "{MySQL 5.7 Reference Manual}",
 howpublished 				= "\url{https://dev.mysql.com/doc/refman/5.7/en/}",
 year									= {2015},
 note 								= "[Online; diakses 4-November-2015]"
}

@misc{geojson,
 author               = "{GeoJSON}",
 title                = "{Representasi Objek dalam Geometri}",
 howpublished 				= "\url{http://geojson.io/}",
 year									= {2015},
 note 								= "[Online; diakses 4-November-2015]"
}

@misc{playframeworkweb,
 author               = "{Play Framework}",
 title                = "{Play 2.4.x documentation}",
 howpublished 				= "\url{https://www.playframework.com/documentation/2.4.x/Home}",
 year									= {2015},
 note 								= "[Online; diakses 4-November-2015]"
}

@misc{eclipse,
 author               = "{The Eclipse Foundation}",
 title                = "{About the Eclipse Foundation}",
 howpublished 				= "\url{https://eclipse.org/org}",
 year									= {2015},
 note 								= "[Online; diakses 25-November-2015]"
}

@misc{github,
 author               = "{GitHub Inc}",
 title                = "{About GitHub}",
 howpublished 				= "\url{https://github.com/}",
 year									= {2015},
 note 								= "[Online; diakses 25-November-2015]"
}

@misc{ant,
 author               = "{Apache Ant}",
 title                = "{Apache Ant}",
 howpublished 				= "\url{http://ant.apache.org/}",
 year									= {2015},
 note 								= "[Online; diakses 25-November-2015]"
}

@misc{gwt,
 author               = "{GWT}",
 title                = "{Overview GWT}",
 howpublished 				= "\url{http://www.gwtproject.org/}",
 year									= {2015},
 note 								= "[Online; diakses 25-November-2015]"
}

@misc{kml,
	author               = "{Google Developers}",
 title                = "{Keyhole Markup Language}",
 howpublished 				= "\url{https://developers.google.com/kml/}",
 year									= {2015},
 note 								= "[Online; diakses 26-November-2015]"
}

@misc{javadocumentation,
	author               = "{Oracle}",
 title                = "{Java Documentation}",
 howpublished 				= "\url{https://docs.oracle.com/javase/8/}",
 year									= {2015},
 note 								= "[Online; diakses 26-November-2015]"
}

@misc{json,
	author               = "{Standard ECMA-262 3rd Edition}",
 title                = "{Introducing JSON}",
 howpublished 				= "\url{http://www.json.org/}",
 year									= {2015},
 note 								= "[Online; diakses 1-Desember-2015]"
}



 
